<?xml version="1.0" encoding="UTF-8"?><record xmlns="http://www.loc.gov/MARC21/slim" xmlns:cinclude="http://apache.org/cocoon/include/1.0" xmlns:zs="http://www.loc.gov/zing/srw/">
  <leader>00411nz  a2200121n  4500</leader>
  <controlfield tag="001">n  91089649 </controlfield>
  <controlfield tag="003">DLC</controlfield>
  <controlfield tag="005">19910905075308.5</controlfield>
  <controlfield tag="008">910905n| acannaab|          |n aad |||  </controlfield>
  <datafield tag="010" ind1=" " ind2=" ">
    <subfield code="a">n  91089649 </subfield>
  </datafield>
  <datafield tag="040" ind1=" " ind2=" ">
    <subfield code="a">DLC</subfield>
    <subfield code="c">DLC</subfield>
  </datafield>
  <datafield tag="100" ind1="1" ind2="0">
    <subfield code="a">Outcalt, Mark C.,</subfield>
    <subfield code="d">1935-</subfield>
  </datafield>
  <datafield tag="670" ind1=" " ind2=" ">
    <subfield code="a">nuc91-9600: His The syntheses and optical rotatory dispersion studies ... 1971</subfield>
    <subfield code="b">(hdg. on DNAL rept.: Outcalt, Mark C., 1935- ; usage: Mark C. Outcalt)</subfield>
  </datafield>
</record>